<record><leader>00000cas a22000007a 4500</leader><controlfield tag="001">9337769</controlfield><controlfield tag="008">830323d18341834nyudr ne      0    0eng d</controlfield><datafield ind1=" " ind2=" " tag="010"><subfield code="a">sn 83030144 </subfield></datafield><datafield ind1=" " ind2=" " tag="040"><subfield code="a">NPU</subfield><subfield code="b">eng</subfield><subfield code="c">NPU</subfield><subfield code="d">RBN</subfield><subfield code="d">OCLCQ</subfield><subfield code="d">OCLCO</subfield><subfield code="d">OCLCF</subfield><subfield code="d">OCLCO</subfield></datafield><datafield ind1=" " ind2=" " tag="019"><subfield code="a">174073279</subfield></datafield><datafield ind1="1" ind2=" " tag="029"><subfield code="a">AU@</subfield><subfield code="b">000025821642</subfield></datafield><datafield ind1=" " ind2=" " tag="042"><subfield code="a">msc</subfield></datafield><datafield ind1="0" ind2="4" tag="245"><subfield code="a">The Humorist or real life in New York.</subfield></datafield><datafield ind1=" " ind2=" " tag="260"><subfield code="a">New York :</subfield><subfield code="b">William F. Cisco &amp; Co.</subfield></datafield><datafield ind1=" " ind2=" " tag="300"><subfield code="a">v. :</subfield><subfield code="b">ill. ;</subfield><subfield code="c">32 cm.</subfield></datafield><datafield ind1="1" ind2=" " tag="362"><subfield code="a">Began with May 23, 1834.</subfield><subfield code="z">Cf. Fox, N.Y. City newsp.</subfield></datafield><datafield ind1="1" ind2=" " tag="362"><subfield code="a">Ceased in 1834.</subfield><subfield code="z">Cf. Gregory, Amer. newsp.</subfield></datafield><datafield ind1=" " ind2=" " tag="500"><subfield code="a">"Devoted to sports, wit, humor, news, and the ondits of the day."</subfield></datafield><datafield ind1=" " ind2=" " tag="588"><subfield code="a">Description based on: June 27, 1834.</subfield></datafield><datafield ind1=" " ind2="0" tag="650"><subfield code="a">American wit and humor</subfield><subfield code="v">Periodicals.</subfield></datafield><datafield ind1=" " ind2="7" tag="655"><subfield code="a">Periodicals.</subfield><subfield code="2">fast</subfield><subfield code="0">(OCoLC)fst01411641</subfield></datafield><datafield ind1=" " ind2="7" tag="650"><subfield code="a">American wit and humor.</subfield><subfield code="2">fast</subfield><subfield code="0">(OCoLC)fst00807457</subfield></datafield><datafield ind1=" " ind2=" " tag="752"><subfield code="a">United States</subfield><subfield code="b">New York</subfield><subfield code="c">New York</subfield><subfield code="d">New York.</subfield></datafield></record>